2646 4830
637 263 800 340 OED

188 416 362 479 ODELEM
388 419 470 492 (ron.
485 413 578 485 auin)
603 413 724 472 Dissert.
737 410 775 470 de
789 429 820 468 re
835 407 971 468 monetali
997 406 1183 467 Ebraeorum.
1222 410 1257 466 40

226 496 321 557 Helm.
337 495 424 554 1699.
928 526 931 531 ·

186 607 344 624 ---
359 575 512 652 Expositio
536 573 714 649 panegyrica
740 568 933 627 Numismatis
954 567 1107 643 Argentei,
1132 566 1164 624 in
1187 565 1257 625 Me-
1287 636 1289 639 ⁵

226 657 350 714 moriam
366 653 486 712 Ducalis
502 653 604 710 Palatii
619 648 840 707 Saltzdahleosis
861 646 1011 724 quondam
1025 645 1164 716 confecti,
1185 663 1256 705 cum

228 735 424 792 Monumento
438 732 567 802 ejusdem
583 729 725 787 Coenobii.
747 730 779 784 40
800 728 886 784 1708.

188 813 325 871 ODELL
341 810 440 886 (ruo.)
456 810 519 868 The
536 807 676 886 Prodigal,
691 827 707 864 a
722 806 865 882 Comedy.
886 806 917 863 80
939 803 1030 862 Losa.
1045 804 1132 864 1744.

189 890 452 949 ODENHOVEN
481 893 567 966 (usu.
594 906 680 946 annu.
707 891 758 960 aa)
787 886 905 963 Disput.
929 881 966 941 de
991 881 1119 941 febribus
1144 885 1176 940 in
1205 904 1255 962 ge·

227 989 305 1027 nere.
326 972 359 1025 40
380 969 471 1045 Lugd.
487 969 522 1024 Β.
540 966 626 1024 1791.

189 1044 780 1122 00000000(0101))000010000
807 1040 939 1102 Basilidis
963 1041 1123 1100 Moscoriae
1149 1041 1254 1101 Ducis.

228 1127 259 1184 8⁰
283 1125 376 1182 Witeb.
394 1124 480 1183 1585.

188 1203 351 1262 ODERUS
368 1205 482 1279 (tntu.)
498 1203 619 1262 Dissert.
634 1203 671 1262 de
685 1222 738 1261 usu
752 1201 876 1260 thoracis
889 1201 1076 1279 partiumque
1090 1200 1119 1258 in
1132 1218 1170 1258 eo
1184 1219 1255 1260 con·

226 1293 383 1340 tentarem.
404 1284 436 1338 40
457 1283 551 1351 llosn.
569 1281 654 1340 1657.

191 1361 493 1437 ODESPUN-(tuo.)
509 1383 535 1419 0.
552 1380 705 1420 concrum.

189 1440 396 1498 ODHELIUS
425 1440 558 1515 (unicos)
583 1441 738 1519 specimen
761 1439 968 1517 cogitationum
992 1437 1029 1496 de
1051 1440 1254 1516 magnetismis

225 1537 334 1576 rerum.
356 1521 387 1574 4⁰
408 1519 500 1576 Stoclr.
518 1520 604 1577 1683.

184 1623 344 1643 -——
359 1598 478 1655 Dissert.
493 1597 530 1655 de
545 1598 770 1657 putrefactione.
791 1599 823 1671 40
845 1598 924 1674 Lr'ps.
941 1597 1027 1655 1685.

187 1675 395 1734 ODHELIUS
435 1678 543 1749 otrus)
567 1676 686 1735 Dissert.
710 1677 747 1735 de
761 1679 963 1737 convenientia
986 1677 1096 1753 linguae
1122 1674 1253 1734 Persica

227 1773 297 1811 cum
313 1680 446 1813 Gothicl.
471 1755 519 1815 12⁰
544 1756 714 1833 17001733.

187 1832 330 1900 ODlAD,
351 1853 387 1891 an
403 1835 511 1893 Heroic
526 1835 625 1894 Poem.
649 1839 681 1894 8⁰
702 1837 793 1895 lond.
810 1837 896 1895 1788.

186 1910 440 1970 ODINGSELLS
456 1916 554 1989 (cns.)
570 1915 641 1972 Two
659 1917 803 1974 Sermons.
827 1915 875 1974 190
895 1913 985 1973 Lond.
1002 1911 1090 1971 1620.

187 1989 391 2049 ODONALD
406 1993 461 2070 (e.)
477 2015 503 2051 o.
521 2012 677 2052 suntrana.

187 2067 320 2127 ODONl
336 2074 495 2146 (trissino)
511 2073 657 2141 Discorso,
670 2093 700 2132 se
713 2073 845 2131 1'Anima
859 2071 1022 2141 coronale,
1034 2090 1053 2130 0
1066 2070 1251 2131 Immortale.

224 2150 257 2204 40
281 2149 341 2205 Van.
357 2150 423 2207 Ala.
446 2152 534 2210 1557.

186 2225 356 2285 ODONUS
371 2232 491 2304 (cosso)
513 2230 705 2308 Theophrasti
729 2251 836 2310 sparsae
851 2230 888 2288 ‹le
903 2229 1010 2290 Plantis
1030 2229 1202 2296 Sententiae,
1221 2238 1251 2287 et

225 2304 441 2382 Disputationes
454 2308 490 2365 de
506 2308 722 2378 Rheubarbaro,
736 2314 789 2369 ac.
810 2311 842 2367 40
863 2311 970 2368 Bonan.
986 2308 1073 2366 1561.

184 2412 340 2521 -15—68—
356 2387 518 2444 Aristotelis
532 2407 637 2465 sparsoe
651 2389 688 2448 de
703 2388 886 2448 Animalibus
900 2389 1065 2447 Sententiae.
1086 2388 1118 2444 4⁰
1136 2386 1250 2445 Bonan.

185 2539 380 2601 O'DOWDE
397 2546 453 2620 (r.)
468 2566 494 2603 0.
508 2565 655 2605 Jonusou.

184 2621 300 2680 ODRY
316 2626 414 2696 (out.)
435 2647 460 2682 v.
477 2645 692 2685 niraocnarns.

184 2699 537 2763 OECOLAMPADIUS
552 2708 648 2781 (som)
663 2727 689 2764 v.
706 2723 837 2763 fiscum.
854 2722 1031 2763 crisconius.
1046 2721 1133 2764 roua.
1149 2721 1249 2762 otru-

223 2797 379 2835 mononus.
394 2800 618 2841 rossanus-ron
635 2804 751 2841 novun.

179 2886 339 2900 ---
354 2859 468 2915 Graecae
485 2860 656 2919 Literaturae
671 2863 841 2940 Dragmata.
862 2863 894 2920 80
914 2860 981 2919 Bas.
997 2862 1084 2922 1527.

178 2965 496 2984 -------
511 2941 543 2996 8⁰
563 2941 632 2998 Par.
651 2939 735 2999 1528.

180 3042 338 3148 W
352 3015 489 3093 Epistolae
510 3018 539 3076 J.
562 3019 777 3097 OEcolampatlii
801 3029 830 3078 et
852 3019 889 3078 11.
914 3019 1052 3098 Zuinglii.
1092 3019 1141 3078 101.
1174 3020 1247 3080 Bar.

181 3171 434 3244 OECONOMIA
448 3176 590 3235 Animalia
603 3176 638 3236 ad
651 3177 874 3236 circulationem
888 3179 1040 3256 Sanguinis
1054 3177 1180 3237 breviter
1193 3178 1246 3238 de·

126 3259 130 3271 “
220 3247 445 3387 Ιὲηεέῐαίὂίἐὲω,
464 3257 620 3314 Generatio
636 3257 770 3315 Hominis
792 3277 828 3316 ex
844 3258 969 3335 Legibus
984 3256 1170 3316 mechanicis.
1213 3261 1246 3317 80

249 3347 312 3386 oa.
408 3374 415 3388 .

179 3404 462 3468 OECUMENIUS.
504 3413 704 3490 Expositiones
719 3416 749 3472 io
762 3416 838 3473 Acta
851 3414 1066 3490 Apostolorum,
1081 3415 1111 3471 in
1126 3416 1144 3472 7
1158 3417 1244 3492 Epis·

217 3484 287 3541 tolas
311 3485 481 3556 Catholieas,
504 3503 533 3548 et
555 3495 584 3551 in
609 3493 690 3551 Pauli
714 3513 824 3552 omnes.
866 3495 903 3551 Et
927 3493 1048 3552 Arethae
1071 3495 1103 3551 in
1116 3494 1244 3556 Joannis

216 3563 437 3641 Apocalypsim.
463 3571 514 3627 Gr.
537 3571 584 3629 fol.
612 3573 669 3629 Ver.
687 3571 772 3632 1532.

175 3671 413 3693 ——-—-
427 3648 493 3705 Lat.
515 3669 567 3725 per
580 3651 610 3709 J.
626 3652 811 3715 Heolenium.
834 3651 882 3710 fol.
904 3651 971 3709 Ant.
988 3651 1074 3708 1545.

173 3751 332 3767 --·--
346 3716 560 3787 Comnlentaria
576 3734 605 3788 iu
620 3733 639 3788 4
655 3732 820 3810 Evangelia.
842 3732 909 3789 Lot.
932 3750 985 3809 per
997 3731 1026 3788 J.
1042 3730 1239 3793 Hentenium.

108 3811 110 3816 ’
214 3799 262 3855 fol.
284 3801 391 3859 Lovun.
409 3804 494 3862 1543.

175 3876 315 3936 OEDER
330 3885 415 3956 (cao.
431 3884 513 3956 cun)
529 3885 681 3946 Elementa
695 3890 853 3948 Botanicae.
875 3890 906 3946 8⁰
926 3891 1018 3960 Hafa.
1035 3890 1123 3947 1764.

170 3985 330 4003 -—-—
345 3960 446 4019 leones
473 3964 638 4024 Plantarum
662 3967 697 4025 ad
720 3968 920 4028 illustrandam
940 3968 1052 4027 Horam
1079 3968 1238 4030 Dauicam.

212 4036 229 4089 3
245 4037 298 4093 vol.
321 4037 370 4096 sol.
392 4042 520 4113 Hirsuta.
538 4044 623 4103 1766.

168 4143 328 4158 -—-—
343 4118 552 4181 Nomenclator
573 4125 729 4185 Botanicus
751 4128 909 4186 inserviens
929 4127 1022 4186 Florae
1036 4125 1168 4186 Danicae.
1206 4131 1238 4186 8⁰

209 4193 301 4261 Hufu.
319 4194 405 4254 1769.

169 4268 310 4328 OEDER
326 4278 429 4349 (cnon.
445 4280 528 4352 tuo.)
543 4280 589 4338 De
604 4282 831 4361 Progranimatis
845 4287 1027 4354 Graecorum,
1041 4307 1098 4364 pro
1111 4285 1235 4347 demon-

207 4349 325 4407 strando
338 4355 452 4413 Graecae
467 4358 589 4436 Linguae
606 4362 667 4420 Usu
682 4366 712 4422 in
726 4365 828 4425 Sacris.
850 4368 881 4424 8⁰
900 4365 963 4426 Jeo.
979 4365 1066 4427 1717.

1076 4444 1234 4505 ΟΕΗΜΒ
