2646 4830
580 203 740 282 Mus

127 355 261 419 MUSAE.
301 356 366 416 'I'he
389 355 479 416 Tears
493 355 528 415 oi
543 355 592 415 the
616 357 737 429 Muses5
766 355 796 413 in
818 373 836 413 a
858 351 1039 413 conference·
1052 349 1189 410 between

165 435 271 570 {hince
297 437 497 504 Germanicus,
528 434 586 494 and
612 455 629 493 a
655 434 976 515 Male-content-party.
1019 431 1052 491 4⁰
1084 426 1188 490 mad.

124 624 284 642 ---
296 593 398 652 Muses
417 592 552 672 Library.
571 591 635 654 Vol.
653 591 680 649 l.
701 593 732 651 80
752 592 844 652 Lond.
861 591 947 652 1787.

125 705 284 718 ---
299 670 394 730 Musae
410 671 575 731 Etonenses.
595 674 614 730 8
627 670 681 731 vol.
701 673 734 730 80
749 671 844 733 lond.
860 671 946 731 1795.

126 750 330 821 MUSAEUM,
349 770 376 808 o.
390 769 524 810 uusrun.

126 828 313 898 MUSAEUS,
330 849 356 888 o.
371 848 531 889 nrorrsrns
544 829 757 888 Alexandrinus.
772 846 978 893 croniconurr
993 845 1188 886 scnrrroauu

170 925 400 967 corircrrouas.
415 927 572 968 assianus.
588 926 759 967 anouarrn.

299 985 484 1066 Opusculum
506 986 544 1046 de
561 984 678 1068 Herone
701 996 732 1046 et
746 985 886 1046 ieaudro.
911 987 962 1045 Gr.
976 985 1041 1044 Lot.
1061 987 1094 1044 4⁰
1117 983 1189 1063 [At-

169 1066 246 1141 dun]

78 1188 82 1202 .
298 1144 481 1222 opusculum
505 1142 542 1203 de
567 1142 685 1204 Herone
705 1153 736 1203 et
755 1144 897 1204 Leandro.
920 1145 971 1201 Gr.
986 1143 1051 1202 Lot.
1072 1142 1189 1218 Orphei

56 1223 60 1232 '
167 1223 375 1360 rbrgonantiica.
396 1223 537 1359 Ejrlisdem
553 1222 675 1301 Hymni.
696 1223 833 1302 Orpheus
846 1224 883 1282 de
894 1221 1060 1300 Lapidibus.
1083 1222 1135 1278 Gr.
1156 1222 1191 1280 80

193 1321 233 1360 en.
248 1319 295 1379 ap.
339 1303 377 1362 td.
395 1303 431 1361 15
453 1307 481 1362 7.
570 1326 573 1335 ’

128 1409 287 1429 -—-
302 1381 487 1459 Opuscnlum
501 1380 537 1439 de
552 1381 669 1441 Herone
682 1390 711 1440 et
725 1379 865 1442 Leandro.
905 1380 1060 1459 Sententiae
1075 1397 1192 1439 monas-

168 1459 241 1518 tichi
254 1479 290 1518 ex
304 1461 387 1519 variis
400 1463 502 1537 poetis.
527 1461 581 1518 Gr.
600 1461 632 1519 80
653 1463 722 1519 Por.
739 1459 825 1520 1548.

381 1539 431 1595 Gr.
442 1539 507 1596 Lat.
522 1557 591 1597 cum
604 1559 663 1598 var.
674 1543 758 1599 notis.
772 1540 818 1598 De
829 1540 945 1599 Mnsaeo
952 1538 1186 1597 dissertationem

189 1617 312 1675 raemisit
333 1616 363 1674 J.
387 1616 425 1674 H.
449 1616 653 1695 Kromayerns.
694 1614 849 1678 Accedunt
870 1618 1033 1696 argumenti
1055 1613 1208 1690 ejusdem¹

167 1635 245 1753 hinae
259 1693 332 1754 Pub.
347 1694 442 1753 Ovidii
456 1696 594 1775 epistolar.
616 1699 647 1756 8⁰
666 1698 737 1756 flat.
754 1696 841 1757 1791.

378 1773 444 1833 Lot.
464 1794 533 1834 cum
548 1785 703 1836 comment.
716 1777 747 1836 J.
760 1776 876 1845 Vatelli,
889 1774 1034 1836 Gulielmo
1046 1773 1083 1832 de
1099 1773 1190 1833 Mara

167 1855 333 1930 interprete.
354 1855 386 1910 4⁰
408 1852 493 1913 1514.

128 1964 445 1980 ----
461 1933 516 1993 Per
529 1934 563 1992 C.
578 1935 613 1995 B.
634 1936 665 1994 4⁰
688 1935 774 1994 1694.
1026 1990 1030 1999 .

130 2010 306 2070 MUSAEUS
329 2013 426 2087 (arr.)
454 2013 587 2074 Examen
611 2013 760 2075 Versionis
783 2012 956 2074 Vernaculoe
983 2011 1020 2072 ad
1047 2012 1193 2071 Stateram

172 2090 269 2149 Ebraei
285 2090 411 2149 Codicis.
432 2093 464 2148 40
484 2094 577 2164 Hora.
593 2092 679 2153 1699.

133 2168 309 2229 MUSAEUS
325 2170 419 2247 (sorr.)
442 2170 659 2231 Dissertationes
681 2170 718 2230 de
740 2181 847 2230 aeterno
872 2170 1028 2229 Electionis
1050 2169 1193 2228 Decreta.

171 2247 218 2305 De
233 2247 439 2307 insufficientia
454 2249 585 2308 Luminis
600 2250 721 2309 Naturae
742 2250 779 2308 ad
793 2248 931 2328 Salutem,
951 2258 1050 2308 contra
1063 2247 1196 2308 Edoard.

173 2326 301 2384 Herbert
315 2327 398 2385 Baro.
413 2327 450 2386 de
463 2328 627 2406 Cherbury.
647 2331 679 2388 4⁰
696 2328 758 2386 Jen.
775 2328 859 2386 1675.

133 2436 291 2453 ----
304 2406 508 2482 Spinosismus,
527 2409 583 2466 aive
595 2407 632 2466 de
641 2407 776 2466 doctrina
790 2405 945 2483 Religionis
968 2424 1022 2484 pro
1044 2403 1195 2479 libitu-ju·

173 2482 298 2552 dicandi,
319 2484 457 2544 sentiendi
471 2496 500 2544 et
513 2485 645 2545 docendi.
667 2488 698 2543 40
723 2485 798 2544 Witt.
814 2485 900 2545 1708.

133 2596 291 2610 --
304 2563 350 2621 De
362 2563 479 2623 luminis
495 2565 618 2624 Naturae
632 2565 844 2624 insufficientia.
863 2566 894 2621 40
918 2563 991 2621 th.
1007 2563 1090 2621 1708

135 2643 407 2778 MUSIiiUSSOorr.
422 2646 610 2717 rarnrnrcus)
635 2645 761 2704 Historia
782 2644 941 2703 Marmoris
962 2642 1121 2719 Ancyrani.
1162 2645 1198 2700 40
1260 2708 1266 2717 ,

171 2723 232 2781 Jen.
267 2724 334 2778 70.
578 2732 584 2742 ’
660 2747 662 2751 ’

135 2800 310 2860 MUSAEUS
325 2801 405 2874 (sorr.
421 2803 550 2874 miron.)
564 2802 679 2879 Disput.
692 2801 729 2860 de
743 2803 922 2861 Paracentesi
937 2800 1075 2859 Thoracis
1088 2806 1116 2857 ct
1130 2799 1196 2857 Ab·

173 2878 305 2938 dominis.
327 2878 359 2933 4⁰
377 2876 439 2935 Jen.
456 2877 543 2937 1697.
896 2917 907 2930 ·

133 2955 309 3017 MUSAEUS
325 2959 442 3032 (sirion.
458 2959 542 3030 nnn.)
558 2957 752 3036 Hippocrates
765 2959 794 3016 in
807 2957 827 3016 J
829 2977 880 3016 ure
893 2966 953 3016 tam
967 2956 1115 3016 Canonico
1128 2969 1196 3016 tum

173 3035 260 3094 Civili
275 3035 455 3094 Authoritas.
477 3038 509 3095 4⁰
532 3036 619 3094 Giess.
636 3037 723 3096 1680.
1113 3037 1116 3043 ’

134 3145 292 3163 ---
305 3114 474 3174 Dissertatio
496 3115 671 3194 philologica
683 3116 721 3194 de
735 3117 800 3184 Die,
824 3115 942 3184 nundi,
962 3126 991 3174 et
1005 3115 1116 3173 Rerum
1130 3134 1197 3174 om-

171 3193 267 3261 nium,
287 3191 404 3266 Natali3
424 3195 504 3263 item,
523 3195 659 3255 Defensio
682 3195 894 3254 Dissertationis
918 3194 955 3253 de
978 3195 1099 3273 Origine
1112 3193 1198 3253 Juris

176 3271 323 3330 naturalis.
345 3273 376 3328 4⁰
398 3273 476 3348 arey.
494 3272 580 3332 1713.
811 3280 823 3299 ’

136 3349 465 3410 MUSAMBERTIUS
479 3354 614 3428 (chaun.)
630 3353 858 3412 Commonitoria
882 3355 910 3411 in
925 3352 1070 3411 Laurentii
1093 3350 1197 3409 Rami-

176 3429 242 3485 resii
259 3426 508 3506 Hypomnemata,
527 3431 562 3488 ad
579 3432 623 3489 M.
638 3431 788 3490 Valerium
801 3430 980 3491 Martialem.
1002 3433 1033 3490 8⁰
1055 3429 1142 3488 1607.

136 3505 377 3566 MUSANTIUS
402 3512 482 3583 (rou.
508 3509 595 3580 non.)
620 3509 722 3570 Oratio
747 3513 777 3570 in
798 3511 912 3570 Funere
936 3508 1022 3568 Card.
1049 3509 1199 3569 Francisci

177 3584 337 3642 Barherini.
359 3587 390 3641 4⁰
409 3588 521 3645 Pisaur.
537 3587 624 3647 1680.

136 3662 401 3799 ΜῗῖἀΗῙΑΘἨΕ
415 3666 525 3741 (Cape.)
550 3667 675 3726 Further
698 3666 880 3746 intelligence
902 3667 978 3727 from
999 3663 1123 3725 Irelaud.
1164 3665 1198 3722 4⁰

138 3817 398 3879 MUSCIPULA:
419 3827 476 3880 sive
489 3823 840 3884 Cambm-muomnchia.
862 3827 892 3884 80
906 3825 999 3884 Lond.

467 3903 532 3959 Lot.
548 3907 571 3972 ss
586 3904 656 3982 Eog.
678 3907 709 3963 8⁰
729 3905 820 3964 Load.
835 3904 922 3963 1709.

139 3972 368 4048 MUSCOVIA,
388 4000 414 4038 v.
430 3999 590 4040 moacovm.
607 4002 715 4042 nussia.

137 4082 296 4103 ——-
308 4055 420 4128 ihesis,
441 4069 539 4120 utrum
553 4061 728 4123 Muscositae
743 4064 798 4122 sint
812 4061 988 4123 Christiani?
1010 4063 1042 4118 4⁰

926 4378 929 4383 Ι
977 4289 1208 4371 oruscovm.
